<record><leader>00000cas a2200000 a 4500</leader><controlfield tag="001">11085258</controlfield><controlfield tag="008">840824c19239999ksucr ne      0   a0eng d</controlfield><datafield ind1=" " ind2=" " tag="010"><subfield code="a">sn 84029523 </subfield></datafield><datafield ind1=" " ind2=" " tag="040"><subfield code="a">KSH</subfield><subfield code="b">eng</subfield><subfield code="c">KSH</subfield><subfield code="d">NPT</subfield><subfield code="d">OCL</subfield><subfield code="d">OCLCQ</subfield></datafield><datafield ind1=" " ind2=" " tag="042"><subfield code="a">msc</subfield></datafield><datafield ind1="0" ind2="4" tag="245"><subfield code="a">The Wathena times, the Friday Troy republican.</subfield></datafield><datafield ind1="3" ind2="0" tag="246"><subfield code="a">Friday Troy republican</subfield></datafield><datafield ind1=" " ind2=" " tag="260"><subfield code="a">Wathena, Kan. :</subfield><subfield code="b">[s.n.],</subfield><subfield code="c">1923-</subfield></datafield><datafield ind1=" " ind2=" " tag="300"><subfield code="a">v. :</subfield><subfield code="b">ill. ;</subfield><subfield code="c">42-56 cm.</subfield></datafield><datafield ind1=" " ind2=" " tag="310"><subfield code="a">Semiweekly</subfield></datafield><datafield ind1="0" ind2=" " tag="362"><subfield code="a">Vol. 40, no. 27 (Nov. 16, 1923)-</subfield></datafield><datafield ind1=" " ind2=" " tag="530"><subfield code="a">Available on microfilm from Micro Photo.</subfield></datafield><datafield ind1=" " ind2=" " tag="580"><subfield code="a">Published on Tuesday as The Troy republican, the Tuesday Wathena times.</subfield></datafield><datafield ind1=" " ind2=" " tag="752"><subfield code="a">United States</subfield><subfield code="b">Kansas</subfield><subfield code="c">Doniphan</subfield><subfield code="d">Wathena.</subfield></datafield><datafield ind1="0" ind2="1" tag="780"><subfield code="t">Wathena times</subfield><subfield code="w">(DLC)sn 84029522</subfield></datafield><datafield ind1="1" ind2=" " tag="787"><subfield code="t">Troy republican, the Tuesday Wathena times</subfield><subfield code="w">(DLC)sn 84029520</subfield></datafield></record>